@Article{10.1257/app.1.1.136,
  doi = {10.1257/app.1.1.136},
  url = {https://doi.org/10.1257/app.1.1.136},
  year = {2009},
  month = {jan},
  publisher = {American Economic Association},
  volume = {1},
  number = {1},
  pages = {136--163},
  author = {Joshua Angrist and Daniel Lang and Philip Oreopoulos},
  title = {Incentives and Services for College Achievement: Evidence from a Randomized Trial},
  journal = {American Economic Journal: Applied Economics},
}

@Article{10.1257/app.1.1.164,
  doi = {10.1257/app.1.1.164},
  url = {https://doi.org/10.1257/app.1.1.164},
  year = {2009},
  month = {jan},
  publisher = {American Economic Association},
  volume = {1},
  number = {1},
  pages = {164--182},
  author = {Christopher Carpenter and Carlos Dobkin},
  title = {The Effect of Alcohol Consumption on Mortality: Regression Discontinuity Evidence from the Minimum Drinking Age},
  journal = {American Economic Journal: Applied Economics},
}

@Article{10.1257/app.1.1.219,
  doi = {10.1257/app.1.1.219},
  url = {https://doi.org/10.1257/app.1.1.219},
  year = {2009},
  month = {jan},
  publisher = {American Economic Association},
  volume = {1},
  number = {1},
  pages = {219--250},
  author = {Shawn Cole},
  title = {Fixing Market Failures or Fixing Elections? Agricultural Credit in India},
  journal = {American Economic Journal: Applied Economics},
}

@Article{10.1257/app.1.1.49,
  doi = {10.1257/app.1.1.49},
  url = {https://doi.org/10.1257/app.1.1.49},
  year = {2009},
  month = {jan},
  publisher = {American Economic Association},
  volume = {1},
  number = {1},
  pages = {49--85},
  author = {Heather Royer},
  title = {Separated at Girth: {US} Twin Estimates of the Effects of Birth Weight},
  journal = {American Economic Journal: Applied Economics},
}

@Article{10.1257/app.1.2.35,
  doi = {10.1257/app.1.2.35},
  url = {https://doi.org/10.1257/app.1.2.35},
  year = {2009},
  month = {mar},
  publisher = {American Economic Association},
  volume = {1},
  number = {2},
  pages = {35--52},
  author = {Alan S Gerber and Dean Karlan and Daniel Bergan},
  title = {Does the Media Matter? A Field Experiment Measuring the Effect of Newspapers on Voting Behavior and Political Opinions},
  journal = {American Economic Journal: Applied Economics},
}

@Article{10.1257/app.1.3.135,
  doi = {10.1257/app.1.3.135},
  url = {https://doi.org/10.1257/app.1.3.135},
  year = {2009},
  month = {jun},
  publisher = {American Economic Association},
  volume = {1},
  number = {3},
  pages = {135--169},
  author = {Giovanni Peri and Chad Sparber},
  title = {Task Specialization, Immigration, and Wages},
  journal = {American Economic Journal: Applied Economics},
}

@Article{10.1257/app.1.4.109,
  doi = {10.1257/app.1.4.109},
  url = {https://doi.org/10.1257/app.1.4.109},
  year = {2009},
  month = {sep},
  publisher = {American Economic Association},
  volume = {1},
  number = {4},
  pages = {109--139},
  author = {Hilary W Hoynes and Diane Whitmore Schanzenbach},
  title = {Consumption Responses to In-Kind Transfers: Evidence from the Introduction of the Food Stamp Program},
  journal = {American Economic Journal: Applied Economics},
}

@Article{10.1257/app.1.4.34,
  doi = {10.1257/app.1.4.34},
  url = {https://doi.org/10.1257/app.1.4.34},
  year = {2009},
  month = {sep},
  publisher = {American Economic Association},
  volume = {1},
  number = {4},
  pages = {34--68},
  author = {Jonathan Guryan and Kory Kroft and Matthew J Notowidigdo},
  title = {Peer Effects in the Workplace: Evidence from Random Groupings in Professional Golf Tournaments},
  journal = {American Economic Journal: Applied Economics},
}

@Article{10.1257/app.2.1.116,
  doi = {10.1257/app.2.1.116},
  url = {https://doi.org/10.1257/app.2.1.116},
  year = {2010},
  month = {jan},
  publisher = {American Economic Association},
  volume = {2},
  number = {1},
  pages = {116--148},
  author = {Roland G. Fryer and Michael Greenstone},
  title = {The Changing Consequences of Attending Historically Black Colleges and Universities},
  journal = {American Economic Journal: Applied Economics},
}

@Article{10.1257/app.2.1.149,
  doi = {10.1257/app.2.1.149},
  url = {https://doi.org/10.1257/app.2.1.149},
  year = {2010},
  month = {jan},
  publisher = {American Economic Association},
  volume = {2},
  number = {1},
  pages = {149--164},
  author = {Richard B. Freeman and Alexander M. Gelber},
  title = {Prize Structure and Information in Tournaments: Experimental Evidence},
  journal = {American Economic Journal: Applied Economics},
}

@Article{10.1257/app.2.1.165,
  doi = {10.1257/app.2.1.165},
  url = {https://doi.org/10.1257/app.2.1.165},
  year = {2010},
  month = {jan},
  publisher = {American Economic Association},
  volume = {2},
  number = {1},
  pages = {165--192},
  author = {Hoyt Bleakley and Aimee Chin},
  title = {Age at Arrival, English Proficiency, and Social Assimilation Among {US} Immigrants},
  journal = {American Economic Journal: Applied Economics},
}

@Article{10.1257/app.2.1.193,
  doi = {10.1257/app.2.1.193},
  url = {https://doi.org/10.1257/app.2.1.193},
  year = {2010},
  month = {jan},
  publisher = {American Economic Association},
  volume = {2},
  number = {1},
  pages = {193--210},
  author = {Stephan Meier and Charles Sprenger},
  title = {Present-Biased Preferences and Credit Card Borrowing},
  journal = {American Economic Journal: Applied Economics},
}

@Article{10.1257/app.2.1.211,
  doi = {10.1257/app.2.1.211},
  url = {https://doi.org/10.1257/app.2.1.211},
  year = {2010},
  month = {jan},
  publisher = {American Economic Association},
  volume = {2},
  number = {1},
  pages = {211--228},
  author = {Scott E. Carrell and Mark L. Hoekstra},
  title = {Externalities in the Classroom: How Children Exposed to Domestic Violence Affect Everyone{\textquotesingle}s Kids},
  journal = {American Economic Journal: Applied Economics},
}

@Article{10.1257/app.2.1.33,
  doi = {10.1257/app.2.1.33},
  url = {https://doi.org/10.1257/app.2.1.33},
  year = {2010},
  month = {jan},
  publisher = {American Economic Association},
  volume = {2},
  number = {1},
  pages = {33--61},
  author = {Shin-Yi Chou and Jin-Tan Liu and Michael Grossman and Ted Joyce},
  title = {Parental Education and Child Health: Evidence from a Natural Experiment in Taiwan},
  journal = {American Economic Journal: Applied Economics},
}

@Article{10.1257/app.2.1.62,
  doi = {10.1257/app.2.1.62},
  url = {https://doi.org/10.1257/app.2.1.62},
  year = {2010},
  month = {jan},
  publisher = {American Economic Association},
  volume = {2},
  number = {1},
  pages = {62--85},
  author = {Jeremy R. Magruder},
  title = {Intergenerational Networks, Unemployment, and Persistent Inequality in South Africa},
  journal = {American Economic Journal: Applied Economics},
}

@Article{10.1257/app.2.1.86,
  doi = {10.1257/app.2.1.86},
  url = {https://doi.org/10.1257/app.2.1.86},
  year = {2010},
  month = {jan},
  publisher = {American Economic Association},
  volume = {2},
  number = {1},
  pages = {86--115},
  author = {Randall K. Q. Akee and William E. Copeland and Gordon Keeler and Adrian Angold and E. Jane Costello},
  title = {Parents{\textquotesingle} Incomes and Children{\textquotesingle}s Outcomes: A Quasi-Experiment Using Transfer Payments from Casino Profits},
  journal = {American Economic Journal: Applied Economics},
}

@Article{10.1257/app.2.2.1,
  doi = {10.1257/app.2.2.1},
  url = {https://doi.org/10.1257/app.2.2.1},
  year = {2010},
  month = {apr},
  publisher = {American Economic Association},
  volume = {2},
  number = {2},
  pages = {1--45},
  author = {Hoyt Bleakley},
  title = {Malaria Eradication in the Americas: A Retrospective Analysis of Childhood Exposure},
  journal = {American Economic Journal: Applied Economics},
}

@Article{10.1257/app.2.2.118,
  doi = {10.1257/app.2.2.118},
  url = {https://doi.org/10.1257/app.2.2.118},
  year = {2010},
  month = {apr},
  publisher = {American Economic Association},
  volume = {2},
  number = {2},
  pages = {118--146},
  author = {Seema Jayachandran and Adriana Lleras-Muney and Kimberly V Smith},
  title = {Modern Medicine and the Twentieth Century Decline in Mortality: Evidence on the Impact of Sulfa Drugs},
  journal = {American Economic Journal: Applied Economics},
}

@Article{10.1257/app.2.2.147,
  doi = {10.1257/app.2.2.147},
  url = {https://doi.org/10.1257/app.2.2.147},
  year = {2010},
  month = {apr},
  publisher = {American Economic Association},
  volume = {2},
  number = {2},
  pages = {147--163},
  author = {Damon Jones},
  title = {Information, Preferences, and Public Benefit Participation: Experimental Evidence from the Advance {EITC} and 401(k) Savings},
  journal = {American Economic Journal: Applied Economics},
}

@Article{10.1257/app.2.2.164,
  doi = {10.1257/app.2.2.164},
  url = {https://doi.org/10.1257/app.2.2.164},
  year = {2010},
  month = {apr},
  publisher = {American Economic Association},
  volume = {2},
  number = {2},
  pages = {164--178},
  author = {Jessica Wisdom and Julie S Downs and George Loewenstein},
  title = {Promoting Healthy Choices: Information versus Convenience},
  journal = {American Economic Journal: Applied Economics},
}

@Article{10.1257/app.2.2.179,
  doi = {10.1257/app.2.2.179},
  url = {https://doi.org/10.1257/app.2.2.179},
  year = {2010},
  month = {apr},
  publisher = {American Economic Association},
  volume = {2},
  number = {2},
  pages = {179--209},
  author = {Simeon Djankov and Rafael La Porta and Florencio Lopez-de-Silanes and Andrei Shleifer},
  title = {Disclosure by Politicians},
  journal = {American Economic Journal: Applied Economics},
}

@Article{10.1257/app.2.2.210,
  doi = {10.1257/app.2.2.210},
  url = {https://doi.org/10.1257/app.2.2.210},
  year = {2010},
  month = {apr},
  publisher = {American Economic Association},
  volume = {2},
  number = {2},
  pages = {210--240},
  author = {Roland G Fryer and Steven D Levitt},
  title = {An Empirical Analysis of the Gender Gap in Mathematics},
  journal = {American Economic Journal: Applied Economics},
}

@Article{10.1257/app.2.2.241,
  doi = {10.1257/app.2.2.241},
  url = {https://doi.org/10.1257/app.2.2.241},
  year = {2010},
  month = {apr},
  publisher = {American Economic Association},
  volume = {2},
  number = {2},
  pages = {241--275},
  author = {Giacomo De Giorgi and Michele Pellizzari and Silvia Redaelli},
  title = {Identification of Social Interactions through Partially Overlapping Peer Groups},
  journal = {American Economic Journal: Applied Economics},
}

@Article{10.1257/app.2.2.46,
  doi = {10.1257/app.2.2.46},
  url = {https://doi.org/10.1257/app.2.2.46},
  year = {2010},
  month = {apr},
  publisher = {American Economic Association},
  volume = {2},
  number = {2},
  pages = {46--71},
  author = {Adrienne M Lucas},
  title = {Malaria Eradication and Educational Attainment: Evidence from Paraguay and Sri Lanka},
  journal = {American Economic Journal: Applied Economics},
}

@Article{10.1257/app.2.2.72,
  doi = {10.1257/app.2.2.72},
  url = {https://doi.org/10.1257/app.2.2.72},
  year = {2010},
  month = {apr},
  publisher = {American Economic Association},
  volume = {2},
  number = {2},
  pages = {72--94},
  author = {David Cutler and Winnie Fung and Michael Kremer and Monica Singhal and Tom Vogl},
  title = {Early-life Malaria Exposure and Adult Outcomes: Evidence from Malaria Eradication in India},
  journal = {American Economic Journal: Applied Economics},
}

@Article{10.1257/app.2.2.95,
  doi = {10.1257/app.2.2.95},
  url = {https://doi.org/10.1257/app.2.2.95},
  year = {2010},
  month = {apr},
  publisher = {American Economic Association},
  volume = {2},
  number = {2},
  pages = {95--117},
  author = {Jason M Lindo and Nicholas J Sanders and Philip Oreopoulos},
  title = {Ability, Gender, and Performance Standards: Evidence from Academic Probation},
  journal = {American Economic Journal: Applied Economics},
}

@Article{10.1257/app.2.3.129,
  doi = {10.1257/app.2.3.129},
  url = {https://doi.org/10.1257/app.2.3.129},
  year = {2010},
  month = {jul},
  publisher = {American Economic Association},
  volume = {2},
  number = {3},
  pages = {129--157},
  author = {John Bound and Michael F Lovenheim and Sarah Turner},
  title = {Why Have College Completion Rates Declined? An Analysis of Changing Student Preparation and Collegiate Resources},
  journal = {American Economic Journal: Applied Economics},
}

@Article{10.1257/app.2.3.158,
  doi = {10.1257/app.2.3.158},
  url = {https://doi.org/10.1257/app.2.3.158},
  year = {2010},
  month = {jul},
  publisher = {American Economic Association},
  volume = {2},
  number = {3},
  pages = {158--189},
  author = {Rema Hanna},
  title = {{US} Environmental Regulation and {FDI}: Evidence from a Panel of {US}-Based Multinational Firms},
  journal = {American Economic Journal: Applied Economics},
}

@Article{10.1257/app.2.3.190,
  doi = {10.1257/app.2.3.190},
  url = {https://doi.org/10.1257/app.2.3.190},
  year = {2010},
  month = {jul},
  publisher = {American Economic Association},
  volume = {2},
  number = {3},
  pages = {190--204},
  author = {Priyanka Pandey},
  title = {Service Delivery and Corruption in Public Services: How Does History Matter?},
  journal = {American Economic Journal: Applied Economics},
}

@Article{10.1257/app.2.3.205,
  doi = {10.1257/app.2.3.205},
  url = {https://doi.org/10.1257/app.2.3.205},
  year = {2010},
  month = {jul},
  publisher = {American Economic Association},
  volume = {2},
  number = {3},
  pages = {205--227},
  author = {Paul Glewwe and Nauman Ilias and Michael Kremer},
  title = {Teacher Incentives},
  journal = {American Economic Journal: Applied Economics},
}

@Article{10.1257/app.2.3.22,
  doi = {10.1257/app.2.3.22},
  url = {https://doi.org/10.1257/app.2.3.22},
  year = {2010},
  month = {jul},
  publisher = {American Economic Association},
  volume = {2},
  number = {3},
  pages = {22--45},
  author = {Aparajita Goyal},
  title = {Information, Direct Access to Farmers, and Rural Market Performance in Central India},
  journal = {American Economic Journal: Applied Economics},
}

@Article{10.1257/app.2.3.228,
  doi = {10.1257/app.2.3.228},
  url = {https://doi.org/10.1257/app.2.3.228},
  year = {2010},
  month = {jul},
  publisher = {American Economic Association},
  volume = {2},
  number = {3},
  pages = {228--255},
  author = {Marianne Bertrand and Claudia Goldin and Lawrence F Katz},
  title = {Dynamics of the Gender Gap for Young Professionals in the Financial and Corporate Sectors},
  journal = {American Economic Journal: Applied Economics},
}

@Article{10.1257/app.2.3.256,
  doi = {10.1257/app.2.3.256},
  url = {https://doi.org/10.1257/app.2.3.256},
  year = {2010},
  month = {jul},
  publisher = {American Economic Association},
  volume = {2},
  number = {3},
  pages = {256--281},
  author = {Guy Michaels and Xiaojia Zhi},
  title = {Freedom Fries},
  journal = {American Economic Journal: Applied Economics},
}

@Article{10.1257/app.2.3.46,
  doi = {10.1257/app.2.3.46},
  url = {https://doi.org/10.1257/app.2.3.46},
  year = {2010},
  month = {jul},
  publisher = {American Economic Association},
  volume = {2},
  number = {3},
  pages = {46--59},
  author = {Jenny C Aker},
  title = {Information from Markets Near and Far: Mobile Phones and Agricultural Markets in Niger},
  journal = {American Economic Journal: Applied Economics},
}

@Article{10.1257/app.2.3.60,
  doi = {10.1257/app.2.3.60},
  url = {https://doi.org/10.1257/app.2.3.60},
  year = {2010},
  month = {jul},
  publisher = {American Economic Association},
  volume = {2},
  number = {3},
  pages = {60--95},
  author = {Xavier Gi {\a'e} and Pamela Jakiela and Dean Karlan and Jonathan Morduch},
  title = {Microfinance Games},
  journal = {American Economic Journal: Applied Economics},
}

@Article{10.1257/app.2.3.96,
  doi = {10.1257/app.2.3.96},
  url = {https://doi.org/10.1257/app.2.3.96},
  year = {2010},
  month = {jul},
  publisher = {American Economic Association},
  volume = {2},
  number = {3},
  pages = {96--128},
  author = {David H Autor and Susan N Houseman},
  title = {Do Temporary-Help Jobs Improve Labor Market Outcomes for Low-Skilled Workers? Evidence from {\textquotedblleft}Work First{\textquotedblright}},
  journal = {American Economic Journal: Applied Economics},
}

@Article{10.1257/app.2.4.105,
  doi = {10.1257/app.2.4.105},
  url = {https://doi.org/10.1257/app.2.4.105},
  year = {2010},
  month = {oct},
  publisher = {American Economic Association},
  volume = {2},
  number = {4},
  pages = {105--127},
  author = {Maria Guadalupe and Julie Wulf},
  title = {The Flattening Firm and Product Market Competition: The Effect of Trade Liberalization on Corporate Hierarchies},
  journal = {American Economic Journal: Applied Economics},
}

@Article{10.1257/app.2.4.128,
  doi = {10.1257/app.2.4.128},
  url = {https://doi.org/10.1257/app.2.4.128},
  year = {2010},
  month = {oct},
  publisher = {American Economic Association},
  volume = {2},
  number = {4},
  pages = {128--149},
  author = {Mariano Bosch and Marco Manacorda},
  title = {Minimum Wages and Earnings Inequality in Urban Mexico},
  journal = {American Economic Journal: Applied Economics},
}

@Article{10.1257/app.2.4.150,
  doi = {10.1257/app.2.4.150},
  url = {https://doi.org/10.1257/app.2.4.150},
  year = {2010},
  month = {oct},
  publisher = {American Economic Association},
  volume = {2},
  number = {4},
  pages = {150--176},
  author = {David Card and Martin D Dooley and A. Abigail Payne},
  title = {School Competition and Efficiency with Publicly Funded Catholic Schools},
  journal = {American Economic Journal: Applied Economics},
}

@Article{10.1257/app.2.4.177,
  doi = {10.1257/app.2.4.177},
  url = {https://doi.org/10.1257/app.2.4.177},
  year = {2010},
  month = {oct},
  publisher = {American Economic Association},
  volume = {2},
  number = {4},
  pages = {177--199},
  author = {Justin Sydnor},
  title = {(Over)insuring Modest Risks},
  journal = {American Economic Journal: Applied Economics},
}

@Article{10.1257/app.2.4.200,
  doi = {10.1257/app.2.4.200},
  url = {https://doi.org/10.1257/app.2.4.200},
  year = {2010},
  month = {oct},
  publisher = {American Economic Association},
  volume = {2},
  number = {4},
  pages = {200--212},
  author = {Peter Egger and Marko Koethenbuerger},
  title = {Government Spending and Legislative Organization: Quasi-Experimental Evidence from Germany},
  journal = {American Economic Journal: Applied Economics},
}

@Article{10.1257/app.2.4.42,
  doi = {10.1257/app.2.4.42},
  url = {https://doi.org/10.1257/app.2.4.42},
  year = {2010},
  month = {oct},
  publisher = {American Economic Association},
  volume = {2},
  number = {4},
  pages = {42--75},
  author = {Eric V Edmonds and Nina Pavcnik and Petia Topalova},
  title = {Trade Adjustment and Human Capital Investments: Evidence from Indian Tariff Reform},
  journal = {American Economic Journal: Applied Economics},
}

@Article{10.1257/app.2.4.76,
  doi = {10.1257/app.2.4.76},
  url = {https://doi.org/10.1257/app.2.4.76},
  year = {2010},
  month = {oct},
  publisher = {American Economic Association},
  volume = {2},
  number = {4},
  pages = {76--104},
  author = {Peter Arcidiacono and Patrick Bayer and Aurel Hizmo},
  title = {Beyond Signaling and Human Capital: Education and the Revelation of Ability},
  journal = {American Economic Journal: Applied Economics},
}

@Article{10.1257/app.3.1.1,
  doi = {10.1257/app.3.1.1},
  url = {https://doi.org/10.1257/app.3.1.1},
  year = {2011},
  month = {jan},
  publisher = {American Economic Association},
  volume = {3},
  number = {1},
  pages = {1--34},
  author = {Pascaline Dupas},
  title = {Do Teenagers Respond to {HIV} Risk Information? Evidence from a Field Experiment in Kenya},
  journal = {American Economic Journal: Applied Economics},
}

@Article{10.1257/app.3.1.101,
  doi = {10.1257/app.3.1.101},
  url = {https://doi.org/10.1257/app.3.1.101},
  year = {2011},
  month = {jan},
  publisher = {American Economic Association},
  volume = {3},
  number = {1},
  pages = {101--128},
  author = {Erik Lindqvist and Roine Vestman},
  title = {The Labor Market Returns to Cognitive and Noncognitive Ability: Evidence from the Swedish Enlistment},
  journal = {American Economic Journal: Applied Economics},
}

@Article{10.1257/app.3.1.129,
  doi = {10.1257/app.3.1.129},
  url = {https://doi.org/10.1257/app.3.1.129},
  year = {2011},
  month = {jan},
  publisher = {American Economic Association},
  volume = {3},
  number = {1},
  pages = {129--151},
  author = {Mirko Draca and Stephen Machin and John Van Reenen},
  title = {Minimum Wages and Firm Profitability},
  journal = {American Economic Journal: Applied Economics},
}

@Article{10.1257/app.3.1.152,
  doi = {10.1257/app.3.1.152},
  url = {https://doi.org/10.1257/app.3.1.152},
  year = {2011},
  month = {jan},
  publisher = {American Economic Association},
  volume = {3},
  number = {1},
  pages = {152--188},
  author = {Michael L Anderson and David A Matsa},
  title = {Are Restaurants Really Supersizing America?},
  journal = {American Economic Journal: Applied Economics},
}

@Article{10.1257/app.3.1.189,
  doi = {10.1257/app.3.1.189},
  url = {https://doi.org/10.1257/app.3.1.189},
  year = {2011},
  month = {jan},
  publisher = {American Economic Association},
  volume = {3},
  number = {1},
  pages = {189--223},
  author = {Mireille Jacobson and Heather Royer},
  title = {Aftershocks: The Impact of Clinic Violence on Abortion Services},
  journal = {American Economic Journal: Applied Economics},
}

@Article{10.1257/app.3.1.224,
  doi = {10.1257/app.3.1.224},
  url = {https://doi.org/10.1257/app.3.1.224},
  year = {2011},
  month = {jan},
  publisher = {American Economic Association},
  volume = {3},
  number = {1},
  pages = {224--238},
  author = {Steven D Levitt and John A List},
  title = {Was There Really a Hawthorne Effect at the Hawthorne Plant? An Analysis of the Original Illumination Experiments},
  journal = {American Economic Journal: Applied Economics},
}

@Article{10.1257/app.3.1.239,
  doi = {10.1257/app.3.1.239},
  url = {https://doi.org/10.1257/app.3.1.239},
  year = {2011},
  month = {jan},
  publisher = {American Economic Association},
  volume = {3},
  number = {1},
  pages = {239--263},
  author = {Siwan Anderson},
  title = {Caste as an Impediment to Trade},
  journal = {American Economic Journal: Applied Economics},
}

@Article{10.1257/app.3.1.35,
  doi = {10.1257/app.3.1.35},
  url = {https://doi.org/10.1257/app.3.1.35},
  year = {2011},
  month = {jan},
  publisher = {American Economic Association},
  volume = {3},
  number = {1},
  pages = {35--64},
  author = {Jonathan Robinson and Ethan Yeh},
  title = {Transactional Sex as a Response to Risk in Western Kenya},
  journal = {American Economic Journal: Applied Economics},
}

@Article{10.1257/app.3.1.65,
  doi = {10.1257/app.3.1.65},
  url = {https://doi.org/10.1257/app.3.1.65},
  year = {2011},
  month = {jan},
  publisher = {American Economic Association},
  volume = {3},
  number = {1},
  pages = {65--90},
  author = {Janet Currie and Reed Walker},
  title = {Traffic Congestion and Infant Health: Evidence from E-{ZPass}},
  journal = {American Economic Journal: Applied Economics},
}

@Article{10.1257/app.3.1.91,
  doi = {10.1257/app.3.1.91},
  url = {https://doi.org/10.1257/app.3.1.91},
  year = {2011},
  month = {jan},
  publisher = {American Economic Association},
  volume = {3},
  number = {1},
  pages = {91--100},
  author = {Emily Oster and Rebecca Thornton},
  title = {Menstruation, Sanitary Products, and School Attendance: Evidence from a Randomized Evaluation},
  journal = {American Economic Journal: Applied Economics},
}

@Article{10.1257/app.3.2.1,
  doi = {10.1257/app.3.2.1},
  url = {https://doi.org/10.1257/app.3.2.1},
  year = {2011},
  month = {apr},
  publisher = {American Economic Association},
  volume = {3},
  number = {2},
  pages = {1--33},
  author = {Victor Lavy and Anal\'\ia Schlosser},
  title = {Mechanisms and Impacts of Gender Peer Effects at School},
  journal = {American Economic Journal: Applied Economics},
}

@Article{10.1257/app.3.2.119,
  doi = {10.1257/app.3.2.119},
  url = {https://doi.org/10.1257/app.3.2.119},
  year = {2011},
  month = {apr},
  publisher = {American Economic Association},
  volume = {3},
  number = {2},
  pages = {119--136},
  author = {Sebastian Galiani and Mart\'\in A Rossi and Ernesto Schargrodsky},
  title = {Conscription and Crime: Evidence from the Argentine Draft Lottery},
  journal = {American Economic Journal: Applied Economics},
}

@Article{10.1257/app.3.2.137,
  doi = {10.1257/app.3.2.137},
  url = {https://doi.org/10.1257/app.3.2.137},
  year = {2011},
  month = {apr},
  publisher = {American Economic Association},
  volume = {3},
  number = {2},
  pages = {137--166},
  author = {Angus Deaton and Olivier Dupriez},
  title = {Purchasing Power Parity Exchange Rates for the Global Poor},
  journal = {American Economic Journal: Applied Economics},
}

@Article{10.1257/app.3.2.167,
  doi = {10.1257/app.3.2.167},
  url = {https://doi.org/10.1257/app.3.2.167},
  year = {2011},
  month = {apr},
  publisher = {American Economic Association},
  volume = {3},
  number = {2},
  pages = {167--195},
  author = {Felipe Barrera-Osorio and Marianne Bertrand and Leigh L Linden and Francisco Perez-Calle},
  title = {Improving the Design of Conditional Transfer Programs: Evidence from a Randomized Education Experiment in Colombia},
  journal = {American Economic Journal: Applied Economics},
}

@Article{10.1257/app.3.2.196,
  doi = {10.1257/app.3.2.196},
  url = {https://doi.org/10.1257/app.3.2.196},
  year = {2011},
  month = {apr},
  publisher = {American Economic Association},
  volume = {3},
  number = {2},
  pages = {196--214},
  author = {Chang-Tai Hsieh and Edward Miguel and Daniel Ortega and Francisco Rodriguez},
  title = {The Price of Political Opposition: Evidence from Venezuela{\textquotesingle}{sMaisanta}},
  journal = {American Economic Journal: Applied Economics},
}

@Article{10.1257/app.3.2.34,
  doi = {10.1257/app.3.2.34},
  url = {https://doi.org/10.1257/app.3.2.34},
  year = {2011},
  month = {apr},
  publisher = {American Economic Association},
  volume = {3},
  number = {2},
  pages = {34--66},
  author = {Elizabeth Oltmans Ananat},
  title = {The Wrong Side(s) of the Tracks: The Causal Effects of Racial Segregation on Urban Poverty and Inequality},
  journal = {American Economic Journal: Applied Economics},
}

@Article{10.1257/app.3.2.67,
  doi = {10.1257/app.3.2.67},
  url = {https://doi.org/10.1257/app.3.2.67},
  year = {2011},
  month = {apr},
  publisher = {American Economic Association},
  volume = {3},
  number = {2},
  pages = {67--95},
  author = {Olof \AAslund and Per-Anders Edin and Peter Fredriksson and Hans Gr{\"o}nqvist},
  title = {Peers, Neighborhoods, and Immigrant Student Achievement: Evidence from a Placement Policy},
  journal = {American Economic Journal: Applied Economics},
}

@Article{10.1257/app.3.2.96,
  doi = {10.1257/app.3.2.96},
  url = {https://doi.org/10.1257/app.3.2.96},
  year = {2011},
  month = {apr},
  publisher = {American Economic Association},
  volume = {3},
  number = {2},
  pages = {96--118},
  author = {Joshua D Angrist and Stacey H Chen},
  title = {Schooling and the Vietnam-Era {GI} Bill: Evidence from the Draft Lottery},
  journal = {American Economic Journal: Applied Economics},
}

@Article{10.1257/app.3.3.1,
  doi = {10.1257/app.3.3.1},
  url = {https://doi.org/10.1257/app.3.3.1},
  year = {2011},
  month = {jul},
  publisher = {American Economic Association},
  volume = {3},
  number = {3},
  pages = {1--28},
  author = {Marco Manacorda and Edward Miguel and Andrea Vigorito},
  title = {Government Transfers and Political Support},
  journal = {American Economic Journal: Applied Economics},
}

@Article{10.1257/app.3.3.124,
  doi = {10.1257/app.3.3.124},
  url = {https://doi.org/10.1257/app.3.3.124},
  year = {2011},
  month = {jul},
  publisher = {American Economic Association},
  volume = {3},
  number = {3},
  pages = {124--157},
  author = {Ran Abramitzky and Adeline Delavande and Luis Vasconcelos},
  title = {Marrying Up: The Role of Sex Ratio in Assortative Matching},
  journal = {American Economic Journal: Applied Economics},
}

@Article{10.1257/app.3.3.158,
  doi = {10.1257/app.3.3.158},
  url = {https://doi.org/10.1257/app.3.3.158},
  year = {2011},
  month = {jul},
  publisher = {American Economic Association},
  volume = {3},
  number = {3},
  pages = {158--187},
  author = {Will Dobbie and Roland G Fryer},
  title = {Are High-Quality Schools Enough to Increase Achievement Among the Poor? Evidence from the Harlem Children{\textquotesingle}s Zone},
  journal = {American Economic Journal: Applied Economics},
}

@Article{10.1257/app.3.3.188,
  doi = {10.1257/app.3.3.188},
  url = {https://doi.org/10.1257/app.3.3.188},
  year = {2011},
  month = {jul},
  publisher = {American Economic Association},
  volume = {3},
  number = {3},
  pages = {188--220},
  author = {Orazio Attanasio and Adriana Kugler and Costas Meghir},
  title = {Subsidizing Vocational Training for Disadvantaged Youth in Colombia: Evidence from a Randomized Trial},
  journal = {American Economic Journal: Applied Economics},
}

@Article{10.1257/app.3.3.221,
  doi = {10.1257/app.3.3.221},
  url = {https://doi.org/10.1257/app.3.3.221},
  year = {2011},
  month = {jul},
  publisher = {American Economic Association},
  volume = {3},
  number = {3},
  pages = {221--243},
  author = {Joseph J Doyle},
  title = {Returns to Local-Area Health Care Spending: Evidence from Health Shocks to Patients Far From Home},
  journal = {American Economic Journal: Applied Economics},
}

@Article{10.1257/app.3.3.244,
  doi = {10.1257/app.3.3.244},
  url = {https://doi.org/10.1257/app.3.3.244},
  year = {2011},
  month = {jul},
  publisher = {American Economic Association},
  volume = {3},
  number = {3},
  pages = {244--267},
  author = {C Kirabo Jackson and Henry S Schneider},
  title = {Do Social Connections Reduce Moral Hazard? Evidence from the New York City Taxi Industry},
  journal = {American Economic Journal: Applied Economics},
}

@Article{10.1257/app.3.3.29,
  doi = {10.1257/app.3.3.29},
  url = {https://doi.org/10.1257/app.3.3.29},
  year = {2011},
  month = {jul},
  publisher = {American Economic Association},
  volume = {3},
  number = {3},
  pages = {29--54},
  author = {Tahir Andrabi and Jishnu Das and Asim Ijaz Khwaja and Tristan Zajonc},
  title = {Do Value-Added Estimates Add Value? Accounting for Learning Dynamics},
  journal = {American Economic Journal: Applied Economics},
}

@Article{10.1257/app.3.3.55,
  doi = {10.1257/app.3.3.55},
  url = {https://doi.org/10.1257/app.3.3.55},
  year = {2011},
  month = {jul},
  publisher = {American Economic Association},
  volume = {3},
  number = {3},
  pages = {55--87},
  author = {Itzhak Ben-David},
  title = {Financial Constraints and Inflated Home Prices during the Real Estate Boom},
  journal = {American Economic Journal: Applied Economics},
}

@Article{10.1257/app.3.3.88,
  doi = {10.1257/app.3.3.88},
  url = {https://doi.org/10.1257/app.3.3.88},
  year = {2011},
  month = {jul},
  publisher = {American Economic Association},
  volume = {3},
  number = {3},
  pages = {88--123},
  author = {Patricia Cort{\a'e}s and Jos{\a'e} Tessada},
  title = {Low-Skilled Immigration and the Labor Supply of Highly Skilled Women},
  journal = {American Economic Journal: Applied Economics},
}

@Article{10.1257/app.3.4.1,
  doi = {10.1257/app.3.4.1},
  url = {https://doi.org/10.1257/app.3.4.1},
  year = {2011},
  month = {oct},
  publisher = {American Economic Association},
  volume = {3},
  number = {4},
  pages = {1--28},
  author = {Benjamin A Olken and Monica Singhal},
  title = {Informal Taxation},
  journal = {American Economic Journal: Applied Economics},
}

@Article{10.1257/app.3.4.119,
  doi = {10.1257/app.3.4.119},
  url = {https://doi.org/10.1257/app.3.4.119},
  year = {2011},
  month = {oct},
  publisher = {American Economic Association},
  volume = {3},
  number = {4},
  pages = {119--151},
  author = {Rafael Di Tella and Ignacio Franceschelli},
  title = {Government Advertising and Media Coverage of Corruption Scandals},
  journal = {American Economic Journal: Applied Economics},
}

@Article{10.1257/app.3.4.152,
  doi = {10.1257/app.3.4.152},
  url = {https://doi.org/10.1257/app.3.4.152},
  year = {2011},
  month = {oct},
  publisher = {American Economic Association},
  volume = {3},
  number = {4},
  pages = {152--185},
  author = {Olivier Desch{\^e}nes and Michael Greenstone},
  title = {Climate Change, Mortality, and Adaptation: Evidence from Annual Fluctuations in Weather in the {US}},
  journal = {American Economic Journal: Applied Economics},
}

@Article{10.1257/app.3.4.186,
  doi = {10.1257/app.3.4.186},
  url = {https://doi.org/10.1257/app.3.4.186},
  year = {2011},
  month = {oct},
  publisher = {American Economic Association},
  volume = {3},
  number = {4},
  pages = {186--214},
  author = {Pranab Bardhan and Dilip Mookherjee},
  title = {Subsidized Farm Input Programs and Agricultural Performance: A Farm-Level Analysis of West Bengal{\textquotesingle}s Green Revolution, 1982{\textendash}1995},
  journal = {American Economic Journal: Applied Economics},
}

@Article{10.1257/app.3.4.215,
  doi = {10.1257/app.3.4.215},
  url = {https://doi.org/10.1257/app.3.4.215},
  year = {2011},
  month = {oct},
  publisher = {American Economic Association},
  volume = {3},
  number = {4},
  pages = {215--227},
  author = {Antonio Ciccone},
  title = {Economic Shocks and Civil Conflict: A Comment},
  journal = {American Economic Journal: Applied Economics},
}

@Article{10.1257/app.3.4.228,
  doi = {10.1257/app.3.4.228},
  url = {https://doi.org/10.1257/app.3.4.228},
  year = {2011},
  month = {oct},
  publisher = {American Economic Association},
  volume = {3},
  number = {4},
  pages = {228--232},
  author = {Edward Miguel and Shanker Satyanath},
  title = {Re-examining Economic Shocks and Civil Conflict},
  journal = {American Economic Journal: Applied Economics},
}

@Article{10.1257/app.3.4.29,
  doi = {10.1257/app.3.4.29},
  url = {https://doi.org/10.1257/app.3.4.29},
  year = {2011},
  month = {oct},
  publisher = {American Economic Association},
  volume = {3},
  number = {4},
  pages = {29--55},
  author = {Sheetal Sekhri},
  title = {Public Provision and Protection of Natural Resources: Groundwater Irrigation in Rural India},
  journal = {American Economic Journal: Applied Economics},
}

@Article{10.1257/app.3.4.56,
  doi = {10.1257/app.3.4.56},
  url = {https://doi.org/10.1257/app.3.4.56},
  year = {2011},
  month = {oct},
  publisher = {American Economic Association},
  volume = {3},
  number = {4},
  pages = {56--85},
  author = {Douglas Almond and Bhashkar Mazumder},
  title = {Health Capital and the Prenatal Environment: The Effect of Ramadan Observance During Pregnancy},
  journal = {American Economic Journal: Applied Economics},
}

@Article{10.1257/app.3.4.86,
  doi = {10.1257/app.3.4.86},
  url = {https://doi.org/10.1257/app.3.4.86},
  year = {2011},
  month = {oct},
  publisher = {American Economic Association},
  volume = {3},
  number = {4},
  pages = {86--118},
  author = {Melvin Stephens and Takashi Unayama},
  title = {The Consumption Response to Seasonal Income: Evidence from Japanese Public Pension Benefits},
  journal = {American Economic Journal: Applied Economics},
}

@Article{10.1257/app.4.1.1,
  doi = {10.1257/app.4.1.1},
  url = {https://doi.org/10.1257/app.4.1.1},
  year = {2012},
  month = {jan},
  publisher = {American Economic Association},
  volume = {4},
  number = {1},
  pages = {1--29},
  author = {Philip Oreopoulos and Till {von Wachter} and Andrew Heisz},
  title = {The Short- and Long-Term Career Effects of Graduating in a Recession},
  journal = {American Economic Journal: Applied Economics},
}

@Article{10.1257/app.4.1.109,
  doi = {10.1257/app.4.1.109},
  url = {https://doi.org/10.1257/app.4.1.109},
  year = {2012},
  month = {jan},
  publisher = {American Economic Association},
  volume = {4},
  number = {1},
  pages = {109--135},
  author = {Bruce Sacerdote},
  title = {When the Saints Go Marching Out: Long-Term Outcomes for Student Evacuees from Hurricanes Katrina and Rita},
  journal = {American Economic Journal: Applied Economics},
}

@Article{10.1257/app.4.1.136,
  doi = {10.1257/app.4.1.136},
  url = {https://doi.org/10.1257/app.4.1.136},
  year = {2012},
  month = {jan},
  publisher = {American Economic Association},
  volume = {4},
  number = {1},
  pages = {136--163},
  author = {Edward P Lazear and Ulrike Malmendier and Roberto A Weber},
  title = {Sorting in Experiments with Application to Social Preferences},
  journal = {American Economic Journal: Applied Economics},
}

@Article{10.1257/app.4.1.164,
  doi = {10.1257/app.4.1.164},
  url = {https://doi.org/10.1257/app.4.1.164},
  year = {2012},
  month = {jan},
  publisher = {American Economic Association},
  volume = {4},
  number = {1},
  pages = {164--192},
  author = {Paul J Gertler and Sebastian W Martinez and Marta Rubio-Codina},
  title = {Investing Cash Transfers to Raise Long-Term Living Standards},
  journal = {American Economic Journal: Applied Economics},
}

@Article{10.1257/app.4.1.193,
  doi = {10.1257/app.4.1.193},
  url = {https://doi.org/10.1257/app.4.1.193},
  year = {2012},
  month = {jan},
  publisher = {American Economic Association},
  volume = {4},
  number = {1},
  pages = {193--211},
  author = {Richard Friberg and Erik Gr{\"o}nqvist},
  title = {Do Expert Reviews Affect the Demand for Wine?},
  journal = {American Economic Journal: Applied Economics},
}

@Article{10.1257/app.4.1.212,
  doi = {10.1257/app.4.1.212},
  url = {https://doi.org/10.1257/app.4.1.212},
  year = {2012},
  month = {jan},
  publisher = {American Economic Association},
  volume = {4},
  number = {1},
  pages = {212--244},
  author = {Irma Clots-Figueras},
  title = {Are Female Leaders Good for Education? Evidence from India},
  journal = {American Economic Journal: Applied Economics},
}

@Article{10.1257/app.4.1.245,
  doi = {10.1257/app.4.1.245},
  url = {https://doi.org/10.1257/app.4.1.245},
  year = {2012},
  month = {jan},
  publisher = {American Economic Association},
  volume = {4},
  number = {1},
  pages = {245--273},
  author = {Tania Barham},
  title = {Enhancing Cognitive Functioning: Medium-Term Effects of a Health and Family Planning Program in Matlab},
  journal = {American Economic Journal: Applied Economics},
}

@Article{10.1257/app.4.1.30,
  doi = {10.1257/app.4.1.30},
  url = {https://doi.org/10.1257/app.4.1.30},
  year = {2012},
  month = {jan},
  publisher = {American Economic Association},
  volume = {4},
  number = {1},
  pages = {30--48},
  author = {Talia Bar and Asaf Zussman},
  title = {Partisan Grading},
  journal = {American Economic Journal: Applied Economics},
}

@Article{10.1257/app.4.1.49,
  doi = {10.1257/app.4.1.49},
  url = {https://doi.org/10.1257/app.4.1.49},
  year = {2012},
  month = {jan},
  publisher = {American Economic Association},
  volume = {4},
  number = {1},
  pages = {49--84},
  author = {Kevin M Stange},
  title = {An Empirical Investigation of the Option Value of College Enrollment},
  journal = {American Economic Journal: Applied Economics},
}

@Article{10.1257/app.4.1.85,
  doi = {10.1257/app.4.1.85},
  url = {https://doi.org/10.1257/app.4.1.85},
  year = {2012},
  month = {jan},
  publisher = {American Economic Association},
  volume = {4},
  number = {1},
  pages = {85--108},
  author = {Leah Platt Boustan},
  title = {School Desegregation and Urban Change: Evidence from City Boundaries},
  journal = {American Economic Journal: Applied Economics},
}

@Article{10.1257/app.4.2.1,
  doi = {10.1257/app.4.2.1},
  url = {https://doi.org/10.1257/app.4.2.1},
  year = {2012},
  month = {apr},
  publisher = {American Economic Association},
  volume = {4},
  number = {2},
  pages = {1--35},
  author = {Katrine V L{\o}ken and Magne Mogstad and Matthew Wiswall},
  title = {What Linear Estimators Miss: The Effects of Family Income on Child Outcomes},
  journal = {American Economic Journal: Applied Economics},
}

@Article{10.1257/app.4.2.134,
  doi = {10.1257/app.4.2.134},
  url = {https://doi.org/10.1257/app.4.2.134},
  year = {2012},
  month = {apr},
  publisher = {American Economic Association},
  volume = {4},
  number = {2},
  pages = {134--167},
  author = {Orazio Attanasio and Abigail Barr and Juan Camilo Cardenas and Garance Genicot and Costas Meghir},
  title = {Risk Pooling, Risk Preferences, and Social Networks},
  journal = {American Economic Journal: Applied Economics},
}

@Article{10.1257/app.4.2.168,
  doi = {10.1257/app.4.2.168},
  url = {https://doi.org/10.1257/app.4.2.168},
  year = {2012},
  month = {apr},
  publisher = {American Economic Association},
  volume = {4},
  number = {2},
  pages = {168--198},
  author = {Andrey Stoyanov and Nikolay Zubanov},
  title = {Productivity Spillovers Across Firms through Worker Mobility},
  journal = {American Economic Journal: Applied Economics},
}

@Article{10.1257/app.4.2.199,
  doi = {10.1257/app.4.2.199},
  url = {https://doi.org/10.1257/app.4.2.199},
  year = {2012},
  month = {apr},
  publisher = {American Economic Association},
  volume = {4},
  number = {2},
  pages = {199--218},
  author = {Francesco Drago and Roberto Galbiati},
  title = {Indirect Effects of a Policy Altering Criminal Behavior: Evidence from the Italian Prison Experiment},
  journal = {American Economic Journal: Applied Economics},
}

@Article{10.1257/app.4.2.219,
  doi = {10.1257/app.4.2.219},
  url = {https://doi.org/10.1257/app.4.2.219},
  year = {2012},
  month = {apr},
  publisher = {American Economic Association},
  volume = {4},
  number = {2},
  pages = {219--246},
  author = {Tanguy Brachet and Guy David and Andrea M Drechsler},
  title = {The Effect of Shift Structure on Performance},
  journal = {American Economic Journal: Applied Economics},
}

@Article{10.1257/app.4.2.247,
  doi = {10.1257/app.4.2.247},
  url = {https://doi.org/10.1257/app.4.2.247},
  year = {2012},
  month = {apr},
  publisher = {American Economic Association},
  volume = {4},
  number = {2},
  pages = {247--273},
  author = {Karen Macours and Norbert Schady and Renos Vakis},
  title = {Cash Transfers, Behavioral Changes, and Cognitive Development in Early Childhood: Evidence from a Randomized Experiment},
  journal = {American Economic Journal: Applied Economics},
}

@Article{10.1257/app.4.2.274,
  doi = {10.1257/app.4.2.274},
  url = {https://doi.org/10.1257/app.4.2.274},
  year = {2012},
  month = {apr},
  publisher = {American Economic Association},
  volume = {4},
  number = {2},
  pages = {274--307},
  author = {Viktoria Hnatkovska and Amartya Lahiri and Sourabh Paul},
  title = {Castes and Labor Mobility},
  journal = {American Economic Journal: Applied Economics},
}

@Article{10.1257/app.4.2.36,
  doi = {10.1257/app.4.2.36},
  url = {https://doi.org/10.1257/app.4.2.36},
  year = {2012},
  month = {apr},
  publisher = {American Economic Association},
  volume = {4},
  number = {2},
  pages = {36--61},
  author = {Christian Dustmann and Uta Sch{\"o}nberg},
  title = {What Makes Firm-based Vocational Training Schemes Successful? The Role of Commitment},
  journal = {American Economic Journal: Applied Economics},
}

@Article{10.1257/app.4.2.62,
  doi = {10.1257/app.4.2.62},
  url = {https://doi.org/10.1257/app.4.2.62},
  year = {2012},
  month = {apr},
  publisher = {American Economic Association},
  volume = {4},
  number = {2},
  pages = {62--97},
  author = {Martha J Bailey},
  title = {Reexamining the Impact of Family Planning Programs on {US} Fertility: Evidence from the War on Poverty and the Early Years of Title X},
  journal = {American Economic Journal: Applied Economics},
}

@Article{10.1257/app.4.2.98,
  doi = {10.1257/app.4.2.98},
  url = {https://doi.org/10.1257/app.4.2.98},
  year = {2012},
  month = {apr},
  publisher = {American Economic Association},
  volume = {4},
  number = {2},
  pages = {98--133},
  author = {Joseph P Kaboski and Robert M Townsend},
  title = {The Impact of Credit on Village Economies},
  journal = {American Economic Journal: Applied Economics},
}

@Article{10.1257/app.4.3.1,
  doi = {10.1257/app.4.3.1},
  url = {https://doi.org/10.1257/app.4.3.1},
  year = {2012},
  month = {jul},
  publisher = {American Economic Association},
  volume = {4},
  number = {3},
  pages = {1--27},
  author = {Emek Basker},
  title = {Raising the Barcode Scanner: Technology and Productivity in the Retail Sector},
  journal = {American Economic Journal: Applied Economics},
}

@Article{10.1257/app.4.3.116,
  doi = {10.1257/app.4.3.116},
  url = {https://doi.org/10.1257/app.4.3.116},
  year = {2012},
  month = {jul},
  publisher = {American Economic Association},
  volume = {4},
  number = {3},
  pages = {116--137},
  author = {Craig L Garthwaite},
  title = {The Economic Benefits of Pharmaceutical Innovations: The Case of Cox-2 Inhibitors},
  journal = {American Economic Journal: Applied Economics},
}

@Article{10.1257/app.4.3.138,
  doi = {10.1257/app.4.3.138},
  url = {https://doi.org/10.1257/app.4.3.138},
  year = {2012},
  month = {jul},
  publisher = {American Economic Association},
  volume = {4},
  number = {3},
  pages = {138--166},
  author = {Jeremy R Magruder},
  title = {High Unemployment Yet Few Small Firms: The Role of Centralized Bargaining in South Africa},
  journal = {American Economic Journal: Applied Economics},
}

@Article{10.1257/app.4.3.167,
  doi = {10.1257/app.4.3.167},
  url = {https://doi.org/10.1257/app.4.3.167},
  year = {2012},
  month = {jul},
  publisher = {American Economic Association},
  volume = {4},
  number = {3},
  pages = {167--189},
  author = {Abe Dunn},
  title = {Drug Innovations and Welfare Measures Computed from Market Demand: The Case of Anti-Cholesterol Drugs},
  journal = {American Economic Journal: Applied Economics},
}

@Article{10.1257/app.4.3.190,
  doi = {10.1257/app.4.3.190},
  url = {https://doi.org/10.1257/app.4.3.190},
  year = {2012},
  month = {jul},
  publisher = {American Economic Association},
  volume = {4},
  number = {3},
  pages = {190--224},
  author = {Christian Dustmann and Uta Sch{\"o}nberg},
  title = {Expansions in Maternity Leave Coverage and Children{\textquotesingle}s Long-Term Outcomes},
  journal = {American Economic Journal: Applied Economics},
}

@Article{10.1257/app.4.3.225,
  doi = {10.1257/app.4.3.225},
  url = {https://doi.org/10.1257/app.4.3.225},
  year = {2012},
  month = {jul},
  publisher = {American Economic Association},
  volume = {4},
  number = {3},
  pages = {225--254},
  author = {Martha J Bailey and Brad Hershbein and Amalia R Miller},
  title = {The Opt-In Revolution? Contraception and the Gender Gap in Wages},
  journal = {American Economic Journal: Applied Economics},
}

@Article{10.1257/app.4.3.28,
  doi = {10.1257/app.4.3.28},
  url = {https://doi.org/10.1257/app.4.3.28},
  year = {2012},
  month = {jul},
  publisher = {American Economic Association},
  volume = {4},
  number = {3},
  pages = {28--42},
  author = {Torsten Santavirta},
  title = {How Large Are the Effects from Temporary Changes in Family Environment: Evidence from a Child-Evacuation Program During World War {II}},
  journal = {American Economic Journal: Applied Economics},
}

@Article{10.1257/app.4.3.43,
  doi = {10.1257/app.4.3.43},
  url = {https://doi.org/10.1257/app.4.3.43},
  year = {2012},
  month = {jul},
  publisher = {American Economic Association},
  volume = {4},
  number = {3},
  pages = {43--63},
  author = {Sandip Sukhtankar},
  title = {Sweetening the Deal? Political Connections and Sugar Mills in India},
  journal = {American Economic Journal: Applied Economics},
}

@Article{10.1257/app.4.3.64,
  doi = {10.1257/app.4.3.64},
  url = {https://doi.org/10.1257/app.4.3.64},
  year = {2012},
  month = {jul},
  publisher = {American Economic Association},
  volume = {4},
  number = {3},
  pages = {64--89},
  author = {Rita Almeida and Pedro Carneiro},
  title = {Enforcement of Labor Regulation and Informality},
  journal = {American Economic Journal: Applied Economics},
}

@Article{10.1257/app.4.3.90,
  doi = {10.1257/app.4.3.90},
  url = {https://doi.org/10.1257/app.4.3.90},
  year = {2012},
  month = {jul},
  publisher = {American Economic Association},
  volume = {4},
  number = {3},
  pages = {90--115},
  author = {Kristine M. Brown and Ron A. Laschever},
  title = {When They{\textquotesingle}re Sixty-Four: Peer Effects and the Timing of Retirement},
  journal = {American Economic Journal: Applied Economics},
}

@Article{10.1257/app.4.4.1,
  doi = {10.1257/app.4.4.1},
  url = {https://doi.org/10.1257/app.4.4.1},
  year = {2012},
  month = {oct},
  publisher = {American Economic Association},
  volume = {4},
  number = {4},
  pages = {1--31},
  author = {Eliana La Ferrara and Alberto Chong and Suzanne Duryea},
  title = {Soap Operas and Fertility: Evidence from Brazil},
  journal = {American Economic Journal: Applied Economics},
}

@Article{10.1257/app.4.4.121,
  doi = {10.1257/app.4.4.121},
  url = {https://doi.org/10.1257/app.4.4.121},
  year = {2012},
  month = {oct},
  publisher = {American Economic Association},
  volume = {4},
  number = {4},
  pages = {121--139},
  author = {N{\a'u}ria Rodr\'\iguez-Planas},
  title = {Longer-Term Impacts of Mentoring, Educational Services, and Learning Incentives: Evidence from a Randomized Trial in the United States},
  journal = {American Economic Journal: Applied Economics},
}

@Article{10.1257/app.4.4.140,
  doi = {10.1257/app.4.4.140},
  url = {https://doi.org/10.1257/app.4.4.140},
  year = {2012},
  month = {oct},
  publisher = {American Economic Association},
  volume = {4},
  number = {4},
  pages = {140--164},
  author = {Jonathan Robinson},
  title = {Limited Insurance within the Household: Evidence from a Field Experiment in Kenya},
  journal = {American Economic Journal: Applied Economics},
}

@Article{10.1257/app.4.4.165,
  doi = {10.1257/app.4.4.165},
  url = {https://doi.org/10.1257/app.4.4.165},
  year = {2012},
  month = {oct},
  publisher = {American Economic Association},
  volume = {4},
  number = {4},
  pages = {165--193},
  author = {Lakshmi Iyer and Anandi Mani and Prachi Mishra and Petia Topalova},
  title = {The Power of Political Voice: Women{\textquotesingle}s Political Representation and Crime in India},
  journal = {American Economic Journal: Applied Economics},
}

@Article{10.1257/app.4.4.194,
  doi = {10.1257/app.4.4.194},
  url = {https://doi.org/10.1257/app.4.4.194},
  year = {2012},
  month = {oct},
  publisher = {American Economic Association},
  volume = {4},
  number = {4},
  pages = {194--225},
  author = {Lucas W Davis and Catherine Wolfram},
  title = {Deregulation, Consolidation, and Efficiency: Evidence from {US} Nuclear Power},
  journal = {American Economic Journal: Applied Economics},
}

@Article{10.1257/app.4.4.226,
  doi = {10.1257/app.4.4.226},
  url = {https://doi.org/10.1257/app.4.4.226},
  year = {2012},
  month = {oct},
  publisher = {American Economic Association},
  volume = {4},
  number = {4},
  pages = {226--253},
  author = {Adrienne M Lucas and Isaac M Mbiti},
  title = {Access, Sorting, and Achievement: The Short-Run Effects of Free Primary Education in Kenya},
  journal = {American Economic Journal: Applied Economics},
}

@Article{10.1257/app.4.4.254,
  doi = {10.1257/app.4.4.254},
  url = {https://doi.org/10.1257/app.4.4.254},
  year = {2012},
  month = {oct},
  publisher = {American Economic Association},
  volume = {4},
  number = {4},
  pages = {254--274},
  author = {Jason M Lindo and Isaac D Swensen and Glen R Waddell},
  title = {Are Big-Time Sports a Threat to Student Achievement?},
  journal = {American Economic Journal: Applied Economics},
}

@Article{10.1257/app.4.4.32,
  doi = {10.1257/app.4.4.32},
  url = {https://doi.org/10.1257/app.4.4.32},
  year = {2012},
  month = {oct},
  publisher = {American Economic Association},
  volume = {4},
  number = {4},
  pages = {32--56},
  author = {David S Abrams},
  title = {Estimating the Deterrent Effect of Incarceration Using Sentencing Enhancements},
  journal = {American Economic Journal: Applied Economics},
}

@Article{10.1257/app.4.4.57,
  doi = {10.1257/app.4.4.57},
  url = {https://doi.org/10.1257/app.4.4.57},
  year = {2012},
  month = {oct},
  publisher = {American Economic Association},
  volume = {4},
  number = {4},
  pages = {57--93},
  author = {David Card and Ana Rute Cardoso},
  title = {Can Compulsory Military Service Raise Civilian Wages? Evidence from the Peacetime Draft in Portugal},
  journal = {American Economic Journal: Applied Economics},
}

@Article{10.1257/app.4.4.94,
  doi = {10.1257/app.4.4.94},
  url = {https://doi.org/10.1257/app.4.4.94},
  year = {2012},
  month = {oct},
  publisher = {American Economic Association},
  volume = {4},
  number = {4},
  pages = {94--120},
  author = {Jenny C Aker and Christopher Ksoll and Travis J Lybbert},
  title = {Can Mobile Phones Improve Learning? Evidence from a Field Experiment in Niger},
  journal = {American Economic Journal: Applied Economics},
}

@Article{10.1257/app.5.1.1,
  doi = {10.1257/app.5.1.1},
  url = {https://doi.org/10.1257/app.5.1.1},
  year = {2013},
  month = {jan},
  publisher = {American Economic Association},
  volume = {5},
  number = {1},
  pages = {1--31},
  author = {Raj Chetty and Emmanuel Saez},
  title = {Teaching the Tax Code: Earnings Responses to an Experiment with {EITC} Recipients},
  journal = {American Economic Journal: Applied Economics},
}

@Article{10.1257/app.5.1.104,
  doi = {10.1257/app.5.1.104},
  url = {https://doi.org/10.1257/app.5.1.104},
  year = {2013},
  month = {jan},
  publisher = {American Economic Association},
  volume = {5},
  number = {1},
  pages = {104--135},
  author = {Shawn Cole and Xavier Gi {\a'e} and Jeremy Tobacman and Petia Topalova and Robert Townsend and James Vickery},
  title = {Barriers to Household Risk Management: Evidence from India},
  journal = {American Economic Journal: Applied Economics},
}

@Article{10.1257/app.5.1.136,
  doi = {10.1257/app.5.1.136},
  url = {https://doi.org/10.1257/app.5.1.136},
  year = {2013},
  month = {jan},
  publisher = {American Economic Association},
  volume = {5},
  number = {1},
  pages = {136--162},
  author = {Sanghamitra Das and Kala Krishna and Sergey Lychagin and Rohini Somanathan},
  title = {Back on the Rails: Competition and Productivity in State-Owned Industry},
  journal = {American Economic Journal: Applied Economics},
}

@Article{10.1257/app.5.1.163,
  doi = {10.1257/app.5.1.163},
  url = {https://doi.org/10.1257/app.5.1.163},
  year = {2013},
  month = {jan},
  publisher = {American Economic Association},
  volume = {5},
  number = {1},
  pages = {163--192},
  author = {Pascaline Dupas and Jonathan Robinson},
  title = {Savings Constraints and Microenterprise Development: Evidence from a Field Experiment in Kenya},
  journal = {American Economic Journal: Applied Economics},
}

@Article{10.1257/app.5.1.193,
  doi = {10.1257/app.5.1.193},
  url = {https://doi.org/10.1257/app.5.1.193},
  year = {2013},
  month = {jan},
  publisher = {American Economic Association},
  volume = {5},
  number = {1},
  pages = {193--207},
  author = {Sumit Agarwal and Bhashkar Mazumder},
  title = {Cognitive Abilities and Household Financial Decision Making},
  journal = {American Economic Journal: Applied Economics},
}

@Article{10.1257/app.5.1.208,
  doi = {10.1257/app.5.1.208},
  url = {https://doi.org/10.1257/app.5.1.208},
  year = {2013},
  month = {jan},
  publisher = {American Economic Association},
  volume = {5},
  number = {1},
  pages = {208--238},
  author = {Francesco Caselli and Guy Michaels},
  title = {Do Oil Windfalls Improve Living Standards? Evidence from Brazil},
  journal = {American Economic Journal: Applied Economics},
}

@Article{10.1257/app.5.1.239,
  doi = {10.1257/app.5.1.239},
  url = {https://doi.org/10.1257/app.5.1.239},
  year = {2013},
  month = {jan},
  publisher = {American Economic Association},
  volume = {5},
  number = {1},
  pages = {239--273},
  author = {William J Collins and Katharine L Shester},
  title = {Slum Clearance and Urban Renewal in the United States},
  journal = {American Economic Journal: Applied Economics},
}

@Article{10.1257/app.5.1.32,
  doi = {10.1257/app.5.1.32},
  url = {https://doi.org/10.1257/app.5.1.32},
  year = {2013},
  month = {jan},
  publisher = {American Economic Association},
  volume = {5},
  number = {1},
  pages = {32--64},
  author = {Marianne Bertrand and Jessica Pan},
  title = {The Trouble with Boys: Social Influences and the Gender Gap in Disruptive Behavior},
  journal = {American Economic Journal: Applied Economics},
}

@Article{10.1257/app.5.1.65,
  doi = {10.1257/app.5.1.65},
  url = {https://doi.org/10.1257/app.5.1.65},
  year = {2013},
  month = {jan},
  publisher = {American Economic Association},
  volume = {5},
  number = {1},
  pages = {65--103},
  author = {Enrico Moretti},
  title = {Real Wage Inequality},
  journal = {American Economic Journal: Applied Economics},
}

@Article{10.1257/app.5.2.1,
  doi = {10.1257/app.5.2.1},
  url = {https://doi.org/10.1257/app.5.2.1},
  year = {2013},
  month = {jan},
  publisher = {American Economic Association},
  volume = {5},
  number = {2},
  pages = {1--28},
  author = {Randall Akee and Emilia Simeonova and William Copeland and Adrian Angold and E. Jane Costello},
  title = {Young Adult Obesity and Household Income: Effects of Unconditional Cash Transfers},
  journal = {American Economic Journal: Applied Economics},
}

@Article{10.1257/app.5.2.122,
  doi = {10.1257/app.5.2.122},
  url = {https://doi.org/10.1257/app.5.2.122},
  year = {2013},
  month = {jan},
  publisher = {American Economic Association},
  volume = {5},
  number = {2},
  pages = {122--150},
  author = {Suresh {de Mel} and David McKenzie and Christopher Woodruff},
  title = {The Demand for, and Consequences of, Formalization among Informal Firms in Sri Lanka},
  journal = {American Economic Journal: Applied Economics},
}

@Article{10.1257/app.5.2.151,
  doi = {10.1257/app.5.2.151},
  url = {https://doi.org/10.1257/app.5.2.151},
  year = {2013},
  month = {jan},
  publisher = {American Economic Association},
  volume = {5},
  number = {2},
  pages = {151--178},
  author = {Jeanne Lafortune},
  title = {Making Yourself Attractive: Pre-Marital Investments and the Returns to Education in the Marriage Market},
  journal = {American Economic Journal: Applied Economics},
}

@Article{10.1257/app.5.2.179,
  doi = {10.1257/app.5.2.179},
  url = {https://doi.org/10.1257/app.5.2.179},
  year = {2013},
  month = {jan},
  publisher = {American Economic Association},
  volume = {5},
  number = {2},
  pages = {179--199},
  author = {Rahi Abouk and Scott Adams},
  title = {Texting Bans and Fatal Accidents on Roadways: Do They Work? Or Do Drivers Just React to Announcements of Bans?},
  journal = {American Economic Journal: Applied Economics},
}

@Article{10.1257/app.5.2.200,
  doi = {10.1257/app.5.2.200},
  url = {https://doi.org/10.1257/app.5.2.200},
  year = {2013},
  month = {jan},
  publisher = {American Economic Association},
  volume = {5},
  number = {2},
  pages = {200--231},
  author = {Molly Lipscomb and A. Mushfiq Mobarak and Tania Barham},
  title = {Development Effects of Electrification: Evidence from the Topographic Placement of Hydropower Plants in Brazil},
  journal = {American Economic Journal: Applied Economics},
}

@Article{10.1257/app.5.2.232,
  doi = {10.1257/app.5.2.232},
  url = {https://doi.org/10.1257/app.5.2.232},
  year = {2013},
  month = {jan},
  publisher = {American Economic Association},
  volume = {5},
  number = {2},
  pages = {232--260},
  author = {Jay Bhattacharya and Christina Gathmann and Grant Miller},
  title = {The Gorbachev Anti-Alcohol Campaign and Russia{\textquotesingle}s Mortality Crisis},
  journal = {American Economic Journal: Applied Economics},
}

@Article{10.1257/app.5.2.29,
  doi = {10.1257/app.5.2.29},
  url = {https://doi.org/10.1257/app.5.2.29},
  year = {2013},
  month = {jan},
  publisher = {American Economic Association},
  volume = {5},
  number = {2},
  pages = {29--57},
  author = {Jishnu Das and Stefan Dercon and James Habyarimana and Pramila Krishnan and Karthik Muralidharan and Venkatesh Sundararaman},
  title = {School Inputs, Household Substitution, and Test Scores},
  journal = {American Economic Journal: Applied Economics},
}

@Article{10.1257/app.5.2.58,
  doi = {10.1257/app.5.2.58},
  url = {https://doi.org/10.1257/app.5.2.58},
  year = {2013},
  month = {jan},
  publisher = {American Economic Association},
  volume = {5},
  number = {2},
  pages = {58--85},
  author = {Markus Goldstein and Joshua Graff Zivin and James Habyarimana and Cristian Pop-Eleches and Harsha Thirumurthy},
  title = {The Effect of Absenteeism and Clinic Protocol on Health Outcomes: The Case of Mother-to-Child Transmission of {HIV} in Kenya},
  journal = {American Economic Journal: Applied Economics},
}

@Article{10.1257/app.5.2.86,
  doi = {10.1257/app.5.2.86},
  url = {https://doi.org/10.1257/app.5.2.86},
  year = {2013},
  month = {jan},
  publisher = {American Economic Association},
  volume = {5},
  number = {2},
  pages = {86--121},
  author = {Wei Huang and Xiaoyan Lei and Geert Ridder and John Strauss and Yaohui Zhao},
  title = {Health, Height, Height Shrinkage, and {SES} at Older Ages: Evidence from China},
  journal = {American Economic Journal: Applied Economics},
}

@Article{10.1257/app.5.3.1,
  doi = {10.1257/app.5.3.1},
  url = {https://doi.org/10.1257/app.5.3.1},
  year = {2013},
  month = {jul},
  publisher = {American Economic Association},
  volume = {5},
  number = {3},
  pages = {1--26},
  author = {Mark R Jacobsen},
  title = {Fuel Economy and Safety: The Influences of Vehicle Class and Driver Behavior},
  journal = {American Economic Journal: Applied Economics},
}

@Article{10.1257/app.5.3.113,
  doi = {10.1257/app.5.3.113},
  url = {https://doi.org/10.1257/app.5.3.113},
  year = {2013},
  month = {jul},
  publisher = {American Economic Association},
  volume = {5},
  number = {3},
  pages = {113--135},
  author = {B. Kelsey Jack},
  title = {Private Information and the Allocation of Land Use Subsidies in Malawi},
  journal = {American Economic Journal: Applied Economics},
}

@Article{10.1257/app.5.3.136,
  doi = {10.1257/app.5.3.136},
  url = {https://doi.org/10.1257/app.5.3.136},
  year = {2013},
  month = {jul},
  publisher = {American Economic Association},
  volume = {5},
  number = {3},
  pages = {136--169},
  author = {David A Matsa and Amalia R Miller},
  title = {A Female Style in Corporate Leadership? Evidence from Quotas},
  journal = {American Economic Journal: Applied Economics},
}

@Article{10.1257/app.5.3.170,
  doi = {10.1257/app.5.3.170},
  url = {https://doi.org/10.1257/app.5.3.170},
  year = {2013},
  month = {jul},
  publisher = {American Economic Association},
  volume = {5},
  number = {3},
  pages = {170--188},
  author = {Adam Fremeth and Brian Kelleher Richter and Brandon Schaufele},
  title = {Campaign Contributions over {CEOs}{\textquotesingle} Careers},
  journal = {American Economic Journal: Applied Economics},
}

@Article{10.1257/app.5.3.189,
  doi = {10.1257/app.5.3.189},
  url = {https://doi.org/10.1257/app.5.3.189},
  year = {2013},
  month = {jul},
  publisher = {American Economic Association},
  volume = {5},
  number = {3},
  pages = {189--210},
  author = {Yann Algan and Pierre Cahuc and Andrei Shleifer},
  title = {Teaching Practices and Social Capital},
  journal = {American Economic Journal: Applied Economics},
}

@Article{10.1257/app.5.3.211,
  doi = {10.1257/app.5.3.211},
  url = {https://doi.org/10.1257/app.5.3.211},
  year = {2013},
  month = {jul},
  publisher = {American Economic Association},
  volume = {5},
  number = {3},
  pages = {211--240},
  author = {Robert W Fairlie and Jonathan Robinson},
  title = {Experimental Evidence on the Effects of Home Computers on Academic Achievement among Schoolchildren},
  journal = {American Economic Journal: Applied Economics},
}

@Article{10.1257/app.5.3.27,
  doi = {10.1257/app.5.3.27},
  url = {https://doi.org/10.1257/app.5.3.27},
  year = {2013},
  month = {jul},
  publisher = {American Economic Association},
  volume = {5},
  number = {3},
  pages = {27--40},
  author = {Dana Burde and Leigh L Linden},
  title = {Bringing Education to Afghan Girls: A Randomized Controlled Trial of Village-Based Schools},
  journal = {American Economic Journal: Applied Economics},
}

@Article{10.1257/app.5.3.41,
  doi = {10.1257/app.5.3.41},
  url = {https://doi.org/10.1257/app.5.3.41},
  year = {2013},
  month = {jul},
  publisher = {American Economic Association},
  volume = {5},
  number = {3},
  pages = {41--62},
  author = {Harounan Kazianga and Dan Levy and Leigh L Linden and Matt Sloan},
  title = {The Effects of {\textquotedblleft}Girl-Friendly{\textquotedblright} Schools: Evidence from the {BRIGHT} School Construction Program in Burkina Faso},
  journal = {American Economic Journal: Applied Economics},
}

@Article{10.1257/app.5.3.63,
  doi = {10.1257/app.5.3.63},
  url = {https://doi.org/10.1257/app.5.3.63},
  year = {2013},
  month = {jul},
  publisher = {American Economic Association},
  volume = {5},
  number = {3},
  pages = {63--90},
  author = {Glenn Ellison},
  title = {How Does the Market Use Citation Data? The Hirsch Index in Economics},
  journal = {American Economic Journal: Applied Economics},
}

@Article{10.1257/app.5.3.91,
  doi = {10.1257/app.5.3.91},
  url = {https://doi.org/10.1257/app.5.3.91},
  year = {2013},
  month = {jul},
  publisher = {American Economic Association},
  volume = {5},
  number = {3},
  pages = {91--112},
  author = {Shing-Yi Wang},
  title = {Marriage Networks, Nepotism, and Labor Market Outcomes in China},
  journal = {American Economic Journal: Applied Economics},
}

@Article{10.1257/app.5.4.1,
  doi = {10.1257/app.5.4.1},
  url = {https://doi.org/10.1257/app.5.4.1},
  year = {2013},
  month = {oct},
  publisher = {American Economic Association},
  volume = {5},
  number = {4},
  pages = {1--27},
  author = {Joshua D Angrist and Parag A Pathak and Christopher R Walters},
  title = {Explaining Charter School Effectiveness},
  journal = {American Economic Journal: Applied Economics},
}

@Article{10.1257/app.5.4.111,
  doi = {10.1257/app.5.4.111},
  url = {https://doi.org/10.1257/app.5.4.111},
  year = {2013},
  month = {oct},
  publisher = {American Economic Association},
  volume = {5},
  number = {4},
  pages = {111--143},
  author = {Kerwin Kofi Charles and Melvin Stephens},
  title = {Employment, Wages, and Voter Turnout},
  journal = {American Economic Journal: Applied Economics},
}

@Article{10.1257/app.5.4.144,
  doi = {10.1257/app.5.4.144},
  url = {https://doi.org/10.1257/app.5.4.144},
  year = {2013},
  month = {oct},
  publisher = {American Economic Association},
  volume = {5},
  number = {4},
  pages = {144--164},
  author = {Arash Nekoei},
  title = {Immigrants{\textquotesingle} Labor Supply and Exchange Rate Volatility},
  journal = {American Economic Journal: Applied Economics},
}

@Article{10.1257/app.5.4.165,
  doi = {10.1257/app.5.4.165},
  url = {https://doi.org/10.1257/app.5.4.165},
  year = {2013},
  month = {oct},
  publisher = {American Economic Association},
  volume = {5},
  number = {4},
  pages = {165--205},
  author = {Lisa B Kahn},
  title = {Asymmetric Information between Employers},
  journal = {American Economic Journal: Applied Economics},
}

@Article{10.1257/app.5.4.206,
  doi = {10.1257/app.5.4.206},
  url = {https://doi.org/10.1257/app.5.4.206},
  year = {2013},
  month = {oct},
  publisher = {American Economic Association},
  volume = {5},
  number = {4},
  pages = {206--240},
  author = {Stephan Litschig and Kevin M Morrison},
  title = {The Impact of Intergovernmental Transfers on Education Outcomes and Poverty Reduction},
  journal = {American Economic Journal: Applied Economics},
}

@Article{10.1257/app.5.4.241,
  doi = {10.1257/app.5.4.241},
  url = {https://doi.org/10.1257/app.5.4.241},
  year = {2013},
  month = {oct},
  publisher = {American Economic Association},
  volume = {5},
  number = {4},
  pages = {241--255},
  author = {Thomas Fujiwara and Leonard Wantchekon},
  title = {Can Informed Public Deliberation Overcome Clientelism? Experimental Evidence from Benin},
  journal = {American Economic Journal: Applied Economics},
}

@Article{10.1257/app.5.4.256,
  doi = {10.1257/app.5.4.256},
  url = {https://doi.org/10.1257/app.5.4.256},
  year = {2013},
  month = {oct},
  publisher = {American Economic Association},
  volume = {5},
  number = {4},
  pages = {256--282},
  author = {Will Dobbie and Paige Marta Skiba},
  title = {Information Asymmetries in Consumer Credit Markets: Evidence from Payday Lending},
  journal = {American Economic Journal: Applied Economics},
}

@Article{10.1257/app.5.4.28,
  doi = {10.1257/app.5.4.28},
  url = {https://doi.org/10.1257/app.5.4.28},
  year = {2013},
  month = {oct},
  publisher = {American Economic Association},
  volume = {5},
  number = {4},
  pages = {28--60},
  author = {Will Dobbie and Roland G Fryer},
  title = {Getting Beneath the Veil of Effective Schools: Evidence From New York City},
  journal = {American Economic Journal: Applied Economics},
}

@Article{10.1257/app.5.4.61,
  doi = {10.1257/app.5.4.61},
  url = {https://doi.org/10.1257/app.5.4.61},
  year = {2013},
  month = {oct},
  publisher = {American Economic Association},
  volume = {5},
  number = {4},
  pages = {61--91},
  author = {Grant Miller and Diana Pinto and Marcos Vera-Hern{\a'a}ndez},
  title = {Risk Protection, Service Use, and Health Outcomes under Colombia{\textquotesingle}s Health Insurance Program for the Poor},
  journal = {American Economic Journal: Applied Economics},
}

@Article{10.1257/app.5.4.92,
  doi = {10.1257/app.5.4.92},
  url = {https://doi.org/10.1257/app.5.4.92},
  year = {2013},
  month = {oct},
  publisher = {American Economic Association},
  volume = {5},
  number = {4},
  pages = {92--110},
  author = {Marco Gonzalez-Navarro},
  title = {Deterrence and Geographical Externalities in Auto Theft},
  journal = {American Economic Journal: Applied Economics},
}

